@article{hebert1991generalization,
  title={Generalization of the Stamm’ler method for the self-shielding of resonant isotopes in arbitrary geometries},
  author={H{\'e}bert, A and Marleau, G},
  journal={Nuclear science and engineering},
  volume={108},
  number={3},
  pages={230--239},
  year={1991},
  publisher={Taylor \& Francis}
}

@article{hebert2009development,
  title={Development of the subgroup projection method for resonance self-shielding calculations},
  author={H{\'e}bert, Alain},
  journal={Nuclear science and engineering},
  volume={162},
  number={1},
  pages={56--75},
  year={2009},
  publisher={Taylor \& Francis}
}

@article{sugimura2007resonance,
  title={Resonance treatment based on ultra-fine-group spectrum calculation in the AEGIS code},
  author={Sugimura, Naoki and Yamamoto, Akio},
  journal={Journal of nuclear science and technology},
  volume={44},
  number={7},
  pages={958--966},
  year={2007},
  publisher={Taylor \& Francis}
}

@book{hebert2009applied,
  title={Applied reactor physics},
  author={H{\'e}bert, Alain},
  year={2009},
  publisher={Presses inter Polytechnique}
}

@article{park2018effective,
  title={Effective subgroup method employing macro level grid optimization},
  author={Park, Hansol and Joo, Han Gyu},
  journal={PHYSOR 2018},
  year={2018}
}

@techreport{kim2015development,
  title={Development of a New 47-group Library for the CASL Neutronics Simulators},
  author={Kim, Kang Seog and Williams, Mark L and Wiarda, Dorothea and Godfrey, Andrew T},
  year={2015},
  institution={Oak Ridge National Lab.(ORNL), Oak Ridge, TN (United States). Consortium for~…}
}
